


@inproceedings{shin2022contextual,
  title={Contextual modulation of affect: Comparing humans and deep neural networks},
  author={Shin, Soomin and Kim, DooYon and Wallraven, Christian},
  booktitle={Companion Publication of the 2022 International Conference on Multimodal Interaction},
  pages={127--133},
  year={2022}
}

@inproceedings{shin2023robot,
  title={Is a Robot Trustworthy Enough to Delegate Your Control?},
  author={Shin, Soomin and Kang, Dahyun and Kwak, Sonya S},
  booktitle={2023 32nd IEEE International Conference on Robot and Human Interactive Communication (RO-MAN)},
  pages={2415--2420},
  year={2023},
  organization={IEEE}
}

@inproceedings{shin2023hierarchies,
  title={Do Hierarchies in a Robot Team Impact the Service Evaluation by Users?},
  author={Shin, Soomin and Kwak, Sonya S},
  booktitle={2023 IEEE/RSJ International Conference on Intelligent Robots and Systems (IROS)},
  pages={3983--3990},
  year={2023},
  organization={IEEE}
}

@inproceedings{kwon2023heterogeneous,
  title={Heterogeneous Robot-Assisted Services in Isolation Wards: A System Development and Usability Study},
  author={Kwon, Youngsun and Shin, Soyeon and Yang, Kyonmo and Park, Seongah and Shin, Soomin and Jeon, Hwawoo and Kim, Kijung and Yun, Guhnoo and Park, Sangyong and Byun, Jeewon and others},
  booktitle={2023 IEEE/RSJ International Conference on Intelligent Robots and Systems (IROS)},
  pages={8069--8076},
  year={2023},
  organization={IEEE}
}
@inproceedings{Shin_scratch,
  title={A Study on Transition from Educational Programming to General Programming},
  author={Shin, Soomin and Jong-ho Bang},
  booktitle={Review of Korean Society for Internet Information},
  pages={v.18, no.2,},
  year={2017}
}


@inproceedings{Shin_graduation,
  title={Artificial Intelligence-based Projective Test Result Analysis System},
  author={Shin, Soomin and June Hwang},
  booktitle={Review of Korean Society for Internet Information},
  pages={v.19, no.2,},
  year={2018}
}

@inproceedings{Kickstart,
  author    = {Negin Azizi and Shruti Chandra and Archana Rajan and Kriti Krishna and Seema Shah and Soomin Shin and Kerstin Dautenhahn},
  title     = {Development of Robot-assisted Speech-Language Therapy: Co-design with Speech-Language Pathologists},
  booktitle = {Proceedings of the 16th International Conference on Social Robotics (ICSR 2024)},
  year      = {2024},
  address   = {},
  publisher = {Springer},
  doi       = {},
}